<record><leader>00000cas a2200000 a 4500</leader><controlfield tag="001">40950537</controlfield><controlfield tag="008">990312d1uuu19uumiuwr n       0    0eng c</controlfield><datafield ind1=" " ind2=" " tag="010"><subfield code="a">sn 99065389 </subfield></datafield><datafield ind1=" " ind2=" " tag="040"><subfield code="a">MHN</subfield><subfield code="b">eng</subfield><subfield code="c">MHN</subfield><subfield code="d">OCL</subfield><subfield code="d">OCLCQ</subfield><subfield code="d">OCLCF</subfield><subfield code="d">OCLCO</subfield></datafield><datafield ind1=" " ind2=" " tag="042"><subfield code="a">pcc</subfield></datafield><datafield ind1=" " ind2=" " tag="043"><subfield code="a">n-us-mi</subfield></datafield><datafield ind1="0" ind2="4" tag="245"><subfield code="a">The Isabella County courier.</subfield></datafield><datafield ind1="1" ind2="3" tag="246"><subfield code="a">Isabella County courier-Democrat</subfield></datafield><datafield ind1="1" ind2="3" tag="246"><subfield code="a">Isabella County courier and the Mt. Pleasant Democrat</subfield></datafield><datafield ind1="3" ind2=" " tag="246"><subfield code="a">Isabella County courier and the Mount Pleasant Democrat</subfield></datafield><datafield ind1=" " ind2=" " tag="260"><subfield code="a">Mt. Pleasant, Mich. :</subfield><subfield code="b">Courier Pub. Co.</subfield></datafield><datafield ind1=" " ind2=" " tag="300"><subfield code="a">v.</subfield></datafield><datafield ind1=" " ind2=" " tag="310"><subfield code="a">Weekly</subfield></datafield><datafield ind1=" " ind2=" " tag="588"><subfield code="a">Description based on: Vol. 15, no. 46 (Apr. 27, 1900).</subfield></datafield><datafield ind1=" " ind2="0" tag="651"><subfield code="a">Mount Pleasant (Mich.)</subfield><subfield code="v">Newspapers.</subfield></datafield><datafield ind1=" " ind2="0" tag="651"><subfield code="a">Isabella County (Mich.)</subfield><subfield code="v">Newspapers.</subfield></datafield><datafield ind1=" " ind2="7" tag="655"><subfield code="a">Newspapers.</subfield><subfield code="2">fast</subfield><subfield code="0">(OCoLC)fst01423814</subfield></datafield><datafield ind1=" " ind2="7" tag="651"><subfield code="a">Michigan</subfield><subfield code="z">Isabella County.</subfield><subfield code="2">fast</subfield><subfield code="0">(OCoLC)fst01220096</subfield></datafield><datafield ind1=" " ind2="7" tag="651"><subfield code="a">Michigan</subfield><subfield code="z">Mount Pleasant.</subfield><subfield code="2">fast</subfield><subfield code="0">(OCoLC)fst01233290</subfield></datafield><datafield ind1=" " ind2=" " tag="752"><subfield code="a">United States</subfield><subfield code="b">Michigan</subfield><subfield code="c">Isabella</subfield><subfield code="d">Mount Pleasant.</subfield></datafield></record>